<?xml version="1.0" encoding="UTF-8"?>
<record xmlns="http://www.loc.gov/MARC21/slim" xmlns:xsi="http://www.w3.org/2001/XMLSchema-instance" xsi:schemaLocation="http://www.loc.gov/MARC21/slim http://www.loc.gov/standards/marcxml/schema/MARC21slim.xsd">
<leader>     nam a22003731  4500</leader>
<controlfield tag="001">001685294</controlfield>
<controlfield tag="003">NNU</controlfield>
<controlfield tag="005">20061010173256.0</controlfield>
<controlfield tag="008">000828s1962    sy            000 0 ararc</controlfield>
<datafield tag="010" ind1=" " ind2=" ">
<subfield code="a">ne 65000258</subfield>
</datafield>
<datafield tag="035" ind1="9" ind2=" ">
<subfield code="a">NYUb12228731</subfield>
</datafield>
<datafield tag="035" ind1=" " ind2=" ">
<subfield code="a">(NNU)NYUb12228731</subfield>
</datafield>
<datafield tag="040" ind1=" " ind2=" ">
<subfield code="a">Princeton Univ. Libr.</subfield>
<subfield code="c">CU</subfield>
<subfield code="d">MH</subfield>
<subfield code="d">CStRLIN</subfield>
<subfield code="d">CtY</subfield>
</datafield>
<datafield tag="050" ind1=" " ind2="4">
<subfield code="a">PJ6173</subfield>
<subfield code="b">.J35 1962.</subfield>
</datafield>
<datafield tag="066" ind1=" " ind2=" ">
<subfield code="c">(3</subfield>
</datafield>
<datafield tag="090" ind1=" " ind2=" ">
<subfield code="a">PJ6576</subfield>
<subfield code="b">.J3 1965</subfield>
</datafield>
<datafield tag="100" ind1="1" ind2=" ">
<subfield code="a">Jawwānī, Muḥammad ibn Asʻad,</subfield>
<subfield code="d">1131-1192</subfield>
<subfield code="6">880-01</subfield>
</datafield>
<datafield tag="245" ind1="1" ind2="0">
<subfield code="6">880-02</subfield>
<subfield code="a">Mukhtaṣar min al-kalām fī al-farq bayna man ism abīh Sallām wa-Salām /</subfield>
<subfield code="c">takhrīj Abī ʻAlī Muḥammad ibn Asʻad ibn ʻAlī ibn Muʻammar al-Ḥusaynī al-Jawwānī ; ḥaqqaqhu Ṣalāḥ al-Dīn al-Munajjid.</subfield>
</datafield>
<datafield tag="246" ind1="3" ind2="0">
<subfield code="6">880-03</subfield>
<subfield code="a">Fī al-farq bayna man ism abīh Sallām wa-Salām</subfield>
</datafield>
<datafield tag="260" ind1=" " ind2=" ">
<subfield code="6">880-04</subfield>
<subfield code="a">Dimashq :</subfield>
<subfield code="b">al-Majmaʻ al-ʻIlmī al-ʻArabī,</subfield>
<subfield code="c">1962.</subfield>
</datafield>
<datafield tag="300" ind1=" " ind2=" ">
<subfield code="a">23 p. ;</subfield>
<subfield code="c">24 cm.</subfield>
</datafield>
<datafield tag="490" ind1="1" ind2=" ">
<subfield code="6">880-05</subfield>
<subfield code="a">Maṭbūʻāt al-Majmaʻ al-ʻIlmī al-ʻArabī bi-Dimashq</subfield>
</datafield>
<datafield tag="650" ind1=" " ind2="0">
<subfield code="a">Sallām (The name)</subfield>
</datafield>
<datafield tag="650" ind1=" " ind2="0">
<subfield code="a">Salām (The name)</subfield>
</datafield>
<datafield tag="650" ind1=" " ind2="0">
<subfield code="a">Names, Personal</subfield>
<subfield code="x">Arabic.</subfield>
</datafield>
<datafield tag="700" ind1="1" ind2=" ">
<subfield code="a">Munajjid, Ṣalāḥ al-Dīn</subfield>
<subfield code="6">880-06</subfield>
</datafield>
<datafield tag="880" ind1="1" ind2=" ">
<subfield code="6">100-01/</subfield>
<subfield code="a">جواني، محمد بن أسعد.</subfield>
</datafield>
<datafield tag="880" ind1="1" ind2="0">
<subfield code="6">245-02/</subfield>
<subfield code="a">مختصر من الكلام في الفرق بين من اسم أبيه سلام وسلام /</subfield>
<subfield code="c">تخريج أبي علي محمد بن أسعد بن علي بن معمر الحسيني الجواني ؛ حققه صلاح الدين المنجد.</subfield>
</datafield>
<datafield tag="880" ind1="3" ind2="0">
<subfield code="6">246-03/</subfield>
<subfield code="a">في الفرق بين من اسم أبيه سلام [بالتشديد] وسلام</subfield>
</datafield>
<datafield tag="880" ind1=" " ind2=" ">
<subfield code="6">260-04/</subfield>
<subfield code="a">دمشق :</subfield>
<subfield code="b">المجمع العلمي العربي،</subfield>
<subfield code="c">1962.</subfield>
</datafield>
<datafield tag="880" ind1="1" ind2=" ">
<subfield code="6">490-05/</subfield>
<subfield code="a">مطبوعات المجمع العلمي العربي بدمشق</subfield>
</datafield>
<datafield tag="880" ind1="1" ind2=" ">
<subfield code="6">700-06/</subfield>
<subfield code="a">منجد، صلاح الدين.</subfield>
</datafield>
<datafield tag="830" ind1=" " ind2="0">
<subfield code="a">Maṭbūʻāt al-Majmaʻ al-ʻIlmī al-ʻArabī bi-Dimashq</subfield>
<subfield code="6">880-07</subfield>
</datafield>
<datafield tag="880" ind1=" " ind2="0">
<subfield code="6">830-07/</subfield>
<subfield code="a">مطبوعات المجمع العلمي العربي بدمشق</subfield>
</datafield>
<datafield tag="OWN" ind1=" " ind2=" ">
<subfield code="a">GENERAL</subfield>
</datafield>
<datafield tag="998" ind1=" " ind2=" ">
<subfield code="a">20010429</subfield>
<subfield code="d">20010429</subfield>
<subfield code="d">20010925</subfield>
<subfield code="n">NNU</subfield>
<subfield code="s">6</subfield>
<subfield code="t">c</subfield>
<subfield code="z">p</subfield>
</datafield>
<datafield tag="AVA" ind1=" " ind2=" ">
<subfield code="a">NYU50</subfield>
<subfield code="b">BOBST</subfield>
<subfield code="c">Main Collection</subfield>
<subfield code="d">PJ6576 .J3 1965</subfield>
<subfield code="e">unavailable</subfield>
<subfield code="t">Unavailable</subfield>
<subfield code="f">1</subfield>
<subfield code="g">1</subfield>
<subfield code="h">N</subfield>
<subfield code="i">2</subfield>
<subfield code="j">MAIN</subfield>
<subfield code="k">0</subfield>
</datafield>
</record>
